@MISC{Hall2006,
AUTHOR={Hall, Joseph Lorenzo},
TITLE={Design and the {S}upport of {T}ransparency in {VVPAT} {S}ystems in the {US} {V}oting {S}ystems {M}arket},
YEAR={2006},
HOWPUBLISHED={\url{http://vote.nist.gov/jlh-vvpat-design-transparency.pdf/}}
}
@Inproceedings{Antonyan2009,
AUTHOR="T. Antonyan and S. Davtyan and S. Kentros and A. Kiayias and L. Michel and N. Nicolaou and A. Russell and A. Shvartsman",
TITLE="Automating voting terminal event log analysis",
BOOKTITLE="{Proceedings of EVT 2009}",
YEAR="{August 2009.}",
}

@Inproceedings{Buell2011,
AUTHOR="Buell, D. A. and Hare, E. and Heindel, F. and Moore, C. and Zia, B",
TITLE="{Auditing a DRE-Based Election in South Carolina}",
BOOKTITLE="{Proceedings of EVT 2011}",
YEAR="{August 2011.}"
}
